<record><leader>00000cas a2200000 a 4500</leader><controlfield tag="001">13223823</controlfield><controlfield tag="008">860303d18411841pauwr ne      0    0eng d</controlfield><datafield ind1=" " ind2=" " tag="010"><subfield code="a">sn 86081144 </subfield></datafield><datafield ind1=" " ind2=" " tag="040"><subfield code="a">NPH</subfield><subfield code="b">eng</subfield><subfield code="c">NPH</subfield><subfield code="d">DLC</subfield><subfield code="d">NPH</subfield><subfield code="d">KNP</subfield><subfield code="d">OBN</subfield><subfield code="d">OCL</subfield><subfield code="d">CRL</subfield><subfield code="d">OCLCF</subfield><subfield code="d">OCLCO</subfield></datafield><datafield ind1="1" ind2=" " tag="029"><subfield code="a">AU@</subfield><subfield code="b">000020128328</subfield></datafield><datafield ind1=" " ind2=" " tag="042"><subfield code="a">msc</subfield></datafield><datafield ind1="0" ind2="0" tag="050"><subfield code="a">Newspaper 9594</subfield></datafield><datafield ind1=" " ind2="4" tag="082"><subfield code="a">071.48</subfield></datafield><datafield ind1="0" ind2="4" tag="245"><subfield code="a">The Pittsburgh Mercury and Allegheny democrat.</subfield></datafield><datafield ind1="3" ind2=" " tag="246"><subfield code="a">Mercury and democrat</subfield></datafield><datafield ind1=" " ind2=" " tag="260"><subfield code="a">Pittsburgh, Pa. :</subfield><subfield code="b">W.H. Smith,</subfield></datafield><datafield ind1=" " ind2=" " tag="300"><subfield code="a">v. ;</subfield><subfield code="c">57-60 cm.</subfield></datafield><datafield ind1=" " ind2=" " tag="310"><subfield code="a">Weekly</subfield></datafield><datafield ind1="0" ind2=" " tag="362"><subfield code="a">Vol. 30, no. 1 (Mar. 3, 1841)-v. 30, no. 41 (Dec. 8, 1841).</subfield></datafield><datafield ind1=" " ind2="0" tag="651"><subfield code="a">Pittsburgh (Pa.)</subfield><subfield code="v">Newspapers.</subfield></datafield><datafield ind1=" " ind2="0" tag="651"><subfield code="a">Allegheny County (Pa.)</subfield><subfield code="v">Newspapers.</subfield></datafield><datafield ind1=" " ind2="7" tag="655"><subfield code="a">Newspapers.</subfield><subfield code="2">fast</subfield><subfield code="0">(OCoLC)fst01423814</subfield></datafield><datafield ind1=" " ind2="7" tag="651"><subfield code="a">Pennsylvania</subfield><subfield code="z">Allegheny County.</subfield><subfield code="2">fast</subfield><subfield code="0">(OCoLC)fst01209250</subfield></datafield><datafield ind1=" " ind2="7" tag="651"><subfield code="a">Pennsylvania</subfield><subfield code="z">Pittsburgh.</subfield><subfield code="2">fast</subfield><subfield code="0">(OCoLC)fst01205171</subfield></datafield><datafield ind1=" " ind2=" " tag="752"><subfield code="a">United States</subfield><subfield code="b">Pennsylvania</subfield><subfield code="c">Allegheny</subfield><subfield code="d">Pittsburgh.</subfield></datafield><datafield ind1="0" ind2="4" tag="780"><subfield code="t">Pittsburgh Mercury (Pittsburgh, Pa. : 1835)</subfield><subfield code="w">(DLC)sn 89077112</subfield><subfield code="w">(OCoLC)19730695</subfield></datafield><datafield ind1="0" ind2="4" tag="780"><subfield code="t">Weekly Pittsburgher, and Allegheny democrat</subfield><subfield code="w">(DLC)sn 86081143</subfield><subfield code="w">(OCoLC)13223805</subfield></datafield><datafield ind1="0" ind2="0" tag="785"><subfield code="t">Pittsburgh Mercury and democrat</subfield><subfield code="w">(DLC)sn 86081145</subfield><subfield code="w">(OCoLC)13223841</subfield></datafield></record>